<record><leader>00000cas a22000007a 4500</leader><controlfield tag="001">43667847</controlfield><controlfield tag="008">000320u19uuuuuuwiuwr ne      0    0eng d</controlfield><datafield ind1=" " ind2=" " tag="010"><subfield code="a">sn 00061501 </subfield></datafield><datafield ind1=" " ind2=" " tag="040"><subfield code="a">NVF</subfield><subfield code="b">eng</subfield><subfield code="c">NVF</subfield><subfield code="d">OCLCQ</subfield><subfield code="d">OCLCF</subfield><subfield code="d">OCLCO</subfield></datafield><datafield ind1="1" ind2=" " tag="029"><subfield code="a">AU@</subfield><subfield code="b">000021430990</subfield></datafield><datafield ind1=" " ind2=" " tag="042"><subfield code="a">msc</subfield></datafield><datafield ind1=" " ind2=" " tag="043"><subfield code="a">n-us-wi</subfield></datafield><datafield ind1="0" ind2="0" tag="245"><subfield code="a">Tri-Lakes enterprise.</subfield></datafield><datafield ind1=" " ind2=" " tag="260"><subfield code="a">Delavan, Wis. :</subfield><subfield code="b">Delavan Enterprise</subfield></datafield><datafield ind1=" " ind2=" " tag="300"><subfield code="a">v.</subfield></datafield><datafield ind1=" " ind2=" " tag="310"><subfield code="a">Weekly</subfield></datafield><datafield ind1=" " ind2=" " tag="580"><subfield code="a">Other ed.: Delavan enterprise and the Delavan Republican, &lt;1970&gt;.</subfield></datafield><datafield ind1=" " ind2=" " tag="588"><subfield code="a">Description based on: Sept. 3, 1970.</subfield></datafield><datafield ind1=" " ind2=" " tag="588"><subfield code="a">Latest issue consulted: Sept. 3, 1970.</subfield></datafield><datafield ind1=" " ind2="0" tag="651"><subfield code="a">Walworth County (Wis.)</subfield><subfield code="v">Newspapers.</subfield></datafield><datafield ind1=" " ind2="0" tag="651"><subfield code="a">Delavan Lake (Wis. : Lake)</subfield><subfield code="v">Newspapers.</subfield></datafield><datafield ind1=" " ind2="0" tag="651"><subfield code="a">Whitewater Lake (Wis.)</subfield><subfield code="v">Newspapers.</subfield></datafield><datafield ind1=" " ind2="0" tag="651"><subfield code="a">Geneva, Lake (Walworth County, Wis. : Lake)</subfield><subfield code="v">Newspapers.</subfield></datafield><datafield ind1=" " ind2="4" tag="651"><subfield code="a">Turtle Lake (Wis. : Lake)</subfield><subfield code="v">Newspapers.</subfield></datafield><datafield ind1=" " ind2="7" tag="655"><subfield code="a">Newspapers.</subfield><subfield code="2">fast</subfield><subfield code="0">(OCoLC)fst01423814</subfield></datafield><datafield ind1=" " ind2="7" tag="651"><subfield code="a">Wisconsin</subfield><subfield code="z">Delavan Lake (Lake)</subfield><subfield code="2">fast</subfield><subfield code="0">(OCoLC)fst01337254</subfield></datafield><datafield ind1=" " ind2="7" tag="651"><subfield code="a">Wisconsin</subfield><subfield code="z">Lake Geneva (Walworth County : Lake)</subfield><subfield code="2">fast</subfield><subfield code="0">(OCoLC)fst01337552</subfield></datafield><datafield ind1=" " ind2="7" tag="651"><subfield code="a">Wisconsin</subfield><subfield code="z">Walworth County.</subfield><subfield code="2">fast</subfield><subfield code="0">(OCoLC)fst01216368</subfield></datafield><datafield ind1=" " ind2="7" tag="651"><subfield code="a">Wisconsin</subfield><subfield code="z">Whitewater Lake.</subfield><subfield code="2">fast</subfield><subfield code="0">(OCoLC)fst01243335</subfield></datafield><datafield ind1=" " ind2=" " tag="752"><subfield code="a">United States</subfield><subfield code="b">Wisconsin</subfield><subfield code="c">Walworth</subfield><subfield code="d">Delavan.</subfield></datafield><datafield ind1="1" ind2=" " tag="775"><subfield code="t">Delavan enterprise and the Delavan Republican</subfield><subfield code="w">(DLC)sn 87082050</subfield></datafield></record>